@misc{WSULibrary,
  title = {Wayne State University Library System},
  author={Wayne State University},
  howpublished = {\url{https://library.wayne.edu/}},
  note = {WSU},
  year={2019},
  month={Mar}
}

%KAVR Refs

@IEEEtranBSTCTL{IEEEexample:BSTcontrol,
CTLdash_repeated_names= "no",
}

@misc{buttleKeynote,
title = {Real-time in prime-time},
author={D.Buttle},
note = {Keynote speech at the 24th Euromicro Conference on Real-Time Systems, Pisa, Italy, July 12, 2012.}
}

@inbook{guoPaper,
title = "Uniprocessor EDF scheduling of AVR task systems",
abstract = "The adaptive varying-rate (AVR) task model has been proposed as a means of modeling certain physically-derived constraints in CPS's in a manner that is more accurate (less pessimistic) than is possible using prior task models from real-time scheduling theory. Existing work on schedulabil- ity analysis of systems of AVR tasks is primarily restricted to fixed-priority scheduling; this paper establishes schedu- lability analysis results for systems of AVR and sporadic tasks under Earliest Deadline First (EDF) scheduling. The proposed analysis techniques are evaluated both theoretically via the speedup factor metric, and experimentally via schedulability experiments on randomly-generated task systems.",
author = "Zhishan Guo and Baruah, {Sanjoy K.}",
year = "2015",
month = "4",
doi = "10.1145/2735960.2735976",
isbn = "9781450334556",
pages = "159--168",
booktitle = "ACM/IEEE 6th International Conference on Cyber-Physical Systems, ICCPS 2015",
publisher = "Association for Computing Machinery, Inc",
}

@article{Liu&Leyland,
 author = {Liu, C. L. and Layland, James W.},
 title = {Scheduling Algorithms for Multiprogramming in a Hard-Real-Time Environment},
 journal = {J. ACM},
 issue_date = {Jan. 1973},
 volume = {20},
 number = {1},
 month = jan,
 year = {1973},
 issn = {0004-5411},
 pages = {46--61},
 numpages = {16},
 url = {http://doi.acm.org/10.1145/321738.321743},
 doi = {10.1145/321738.321743},
 acmid = {321743},
 publisher = {ACM},
 address = {New York, NY, USA},
}

@INPROCEEDINGS{Digraph_Paper, 
author={M. Stigge and P. Ekberg and N. Guan and W. Yi}, 
booktitle={2011 17th IEEE Real-Time and Embedded Technology and Applications Symposium}, 
title={The Digraph Real-Time Task Model}, 
year={2011}, 
volume={}, 
number={}, 
pages={71-80}, 
keywords={directed graphs;processor scheduling;real-time systems;arbitrary deadline;arbitrary directed graph;digraph real-time task model;job release;preemptive uniprocessor;tractable feasibility testing;Analytical models;Automata;Optimization;Polynomials;Real time systems;Semantics;Timing;feasibility;real-time systems;task models;tractability}, 
doi={10.1109/RTAS.2011.15}, 
ISSN={1545-3421}, 
month={April},}

@InProceedings{DRTPaper,
  author =	{Morteza Mohaqeqi and Jakaria Abdullah and Pontus Ekberg and Wang Yi},
  title =	{{Refinement of Workload Models for Engine Controllers by State Space Partitioning}},
  booktitle =	{29th Euromicro Conference on Real-Time Systems (ECRTS 2017)},
  pages =	{11:1--11:22},
  series =	{Leibniz International Proceedings in Informatics (LIPIcs)},
  ISBN =	{978-3-95977-037-8},
  ISSN =	{1868-8969},
  year =	{2017},
  volume =	{76},
  editor =	{Marko Bertogna},
  publisher =	{Schloss Dagstuhl--Leibniz-Zentrum fuer Informatik},
  address =	{Dagstuhl, Germany},
  URL =		{http://drops.dagstuhl.de/opus/volltexte/2017/7159},
  URN =		{urn:nbn:de:0030-drops-71598},
  doi =		{10.4230/LIPIcs.ECRTS.2017.11},
  annote =	{Keywords: Engine Control Tasks, Schedulability Analysis, Minimum-Time Problem, DRT Task Model}
}

@inproceedings{RhythmicTask,
 author = {Kim, Junsung and Lakshmanan, Karthik and Rajkumar, Ragunathan (Raj)},
 title = {Rhythmic Tasks: A New Task Model with Continually Varying Periods for Cyber-Physical Systems},
 booktitle = {Proceedings of the 2012 IEEE/ACM Third International Conference on Cyber-Physical Systems},
 series = {ICCPS '12},
 year = {2012},
 isbn = {978-0-7695-4695-7},
 pages = {55--64},
 numpages = {10},
 url = {http://dx.doi.org/10.1109/ICCPS.2012.14},
 doi = {10.1109/ICCPS.2012.14},
 acmid = {2223867},
 publisher = {IEEE Computer Society},
 address = {Washington, DC, USA},
 keywords = {Real-time, Rhythmic-Task, Engine, Cyber-Physical, Scheduling, Embedded-System},
}

@INPROCEEDINGS{Davis, 
author={R. I. Davis and T. Feld and V. Pollex and F. Slomka}, 
booktitle={2014 IEEE 19th Real-Time and Embedded Technology and Applications Symposium (RTAS)}, 
title={Schedulability tests for tasks with Variable Rate-dependent Behaviour under fixed priority scheduling}, 
year={2014}, 
volume={}, 
number={}, 
pages={51-62}, 
keywords={automotive electronics;embedded systems;scheduling;ILP formulation;VRB;angular rotation;angular velocity;automotive embedded real-time system;complex analysis;cyclic task;engine management;fixed priority scheduling;response time analysis;schedulability test;sporadic task;variable inter-arrival time;variable rate-dependent behaviour;worst-case execution time;Analytical models;Angular velocity;Engines;Interference;Real-time systems;Time factors;Upper bound;automotive;fixed priority;mode changes;real-time scheduling;schedulability analysis;variable deadline;variable execution time;variable rate}, 
doi={10.1109/RTAS.2014.6925990}, 
ISSN={1545-3421}, 
month={April},}

@INPROCEEDINGS{2014Biondi, 
author={A. Biondi and A. Melani and M. Marinoni and M. D. Natale and G. Buttazzo}, 
booktitle={2014 26th Euromicro Conference on Real-Time Systems}, 
title={Exact Interference of Adaptive Variable-Rate Tasks under Fixed-Priority Scheduling}, 
year={2014}, 
volume={}, 
number={}, 
pages={165-174}, 
keywords={design engineering;engines;machine control;shafts;adaptive variable-rate task;crankshaft rotation angle;engine control;fixed-priority scheduling;worst-case interference;Acceleration;Analytical models;Computational modeling;Engines;Fuels;Interference;Real-time systems},
doi={10.1109/ECRTS.2014.38}, 
ISSN={1068-3070}, 
month={July},}
@inproceedings{reponseTime,
 author = {Biondi, Alessandro and Di Natale, Marco and Buttazzo, Giorgio},
 title = {Response-time Analysis for Real-time Tasks in Engine Control Applications},
 booktitle = {Proceedings of the ACM/IEEE Sixth International Conference on Cyber-Physical Systems},
 series = {ICCPS '15},
 year = {2015},
 isbn = {978-1-4503-3455-6},
 location = {Seattle, Washington},
 pages = {120--129},
 numpages = {10},
 url = {http://doi.acm.org/10.1145/2735960.2735963},
 doi = {10.1145/2735960.2735963},
 acmid = {2735963},
 publisher = {ACM},
 address = {New York, NY, USA},
}

@INPROCEEDINGS{Feasibility, 
author={A. Biondi and G. Buttazzo and S. Simoncelli}, 
booktitle={2015 27th Euromicro Conference on Real-Time Systems}, 
title={Feasibility Analysis of Engine Control Tasks under EDF Scheduling}, 
year={2015}, 
volume={}, 
number={}, 
pages={139-148}, 
keywords={control engineering computing;engines;scheduling;shafts;AVR task scheduling;EDF scheduling;adaptive variable rate tasks;crankshaft;earliest deadline first scheduling algorithm;engine accelerations;engine control task feasibility analysis;fixed priority scheduling;software tasks;Acceleration;Analytical models;Engines;Processor scheduling;Real-time systems;Scheduling;Search problems}, 
doi={10.1109/ECRTS.2015.20}, 
ISSN={1068-3070}, 
month={July},}

@INPROCEEDINGS{realTimeAnalysis, 
author={A. Biondi and G. Buttazzo}, 
booktitle={2016 Design, Automation Test in Europe Conference Exhibition (DATE)}, 
title={Real-time analysis of engine control applications with speed estimation}, 
year={2016}, 
volume={}, 
number={}, 
pages={193-198}, 
keywords={adaptive control;engines;numerical analysis;velocity measurement;AVR tasks;adaptive variable-rate tasks;computational activities;engine control applications;instantaneous engine speed;numerical evaluation;real-time analysis;speed estimation;system schedulability;Acceleration;Adaptation models;Analytical models;Engines;Estimation;Real-time systems;Switches}, 
doi={}, 
ISSN={}, 
month={March},}

@article{schedTestBiondi, 
author={A. Biondi and G. Buttazzo},
journal={IEEE Transactions on Industrial Informatics}, 
title={Modeling and Analysis of Engine Control Tasks Under Dynamic Priority Scheduling},
year={2018}, 
volume={}, 
number={}, 
pages={1-1}, 
keywords={Acceleration;Engines;Job shop scheduling;Software;Timing;Vehicle dynamics}, 
doi={10.1109/TII.2018.2791939}, 
ISSN={1551-3203}, 
month={},}

@inproceedings{BiondiOptim,
 author = {Biondi, Alessandro and Di Natale, Marco and Buttazzo, Giorgio},
 title = {Performance-driven Design of Engine Control Tasks},
 booktitle = {Proceedings of the 7th International Conference on Cyber-Physical Systems},
 series = {ICCPS '16},
 year = {2016},
 location = {Vienna, Austria},
 pages = {45:1--45:10},
 articleno = {45},
 numpages = {10},
 url = {http://dl.acm.org/citation.cfm?id=2984464.2984509},
 acmid = {2984509},
 publisher = {IEEE Press},
 address = {Piscataway, NJ, USA},
} 


@INPROCEEDINGS{cloudKnapsack, 
author={M. A. Rodriguez and R. Buyya}, 
booktitle={2015 44th International Conference on Parallel Processing}, 
title={A Responsive Knapsack-Based Algorithm for Resource Provisioning and Scheduling of Scientific Workflows in Clouds}, 
year={2015}, 
volume={}, 
number={}, 
pages={839-848}, 
keywords={cloud computing;knapsack problems;resource allocation;scheduling;scientific information systems;virtual machines;affordability;cloud computing;cloud infrastructure dynamics;distributed platforms;ease-of-access;heterogeneous virtual machines;infrastructure as a service clouds;large-scale experiments;pay-as-you-go model;resource intensive applications;resource provisioning algorithm;resource scheduling algorithm;responsive knapsack-based algorithm;scalability;scientific workflow scheduling;Algorithm design and analysis;Cloud computing;Dynamic scheduling;Heuristic algorithms;Pipelines;Schedules}, 
doi={10.1109/ICPP.2015.93}, 
ISSN={0190-3918}, 
month={Sept},}

@Article{mobileKnapsack,
author="Ferdosian, Nasim
and Othman, Mohamed
and Ali, Borhanuddin Mohd
and Lun, Kweh Yeah",
title="Greedy--knapsack algorithm for optimal downlink resource allocation in LTE networks",
journal="Wireless Networks",
year="2016",
month="Jul",
day="01",
volume="22",
number="5",
pages="1427--1440",
doi="10.1007/s11276-015-1042-9",
url="https://doi.org/10.1007/s11276-015-1042-9"
}

@INPROCEEDINGS{loadKnapsack, 
author={D. Poles and L. Budin}, 
booktitle={Proceedings of the ITI 2010, 32nd International Conference on Information Technology Interfaces}, 
title={Imprecise Computation Model, synchronous periodic real-time task sets and total weighted error}, 
year={2010}, 
volume={}, 
number={}, 
pages={689-694}, 
keywords={processor scheduling;real-time systems;set theory;task analysis;earliest deadline first analysis;imprecise computation model;rate monotonic scheduling;single preemptive processor system;synchronous periodic real-time task sets;total weighted error;Computational modeling;Manganese;Real time systems;Schedules;Scheduling;Scheduling algorithm;Imprecise Computation Model;real-time systems;scheduling;total weighted error}, 
doi={}, 
ISSN={1330-1012}, 
month={June},}

@BOOK{hcVerma,
  TITLE = {Concepts of Physics - Vol. 1},
  AUTHOR = {H. C. Verma},
  YEAR = {2010},
  PUBLISHER = {Bharati Bhawan Publishers and Distributors},
}


@article{PCKP_paper,
author = {Geon Cho and Dong X. Shaw},
title = {A Depth-First Dynamic Programming Algorithm for the Tree Knapsack Problem},
journal = {INFORMS Journal on Computing},
volume = {9},
number = {4},
pages = {431-438},
year = {1997},
doi = {10.1287/ijoc.9.4.431},
URL = { 
        https://doi.org/10.1287/ijoc.9.4.431
},
eprint = { 
        https://doi.org/10.1287/ijoc.9.4.431
}
}

@article{PCKPpaper2,
author = {D. S. Johnson and K. A. Niemi},
title = {On Knapsacks, Partitions, and a New Dynamic Programming Technique for Trees},
journal = {Mathematics of Operations Research},
volume = {8},
number = {1},
pages = {1-14},
year = {1983},
doi = {10.1287/moor.8.1.1},
URL = { 
        https://doi.org/10.1287/moor.8.1.1
},
eprint = { 
        https://doi.org/10.1287/moor.8.1.1
}
}

@book{KnapsackBook,
author = {Kellerer, Hans and Pferschy, Ulrich and Pisinger, David},
year = {2004},
month = {01},
pages = {},
title = {Knapsack Problems},
isbn = {978-3-540-40286-2},
booktitle = {Knapsack Problems},
PUBLISHER = {Springer Berlin Heidelberg}
}

@misc{githubLink,
  author = {Sandeep Kumar Bijinemula and Aaron Willcock and Thidapat Chantem and Nathan Fisher},
  title = {Code for the paper-Efficient knapsack-based approach for calculating the worst-case demand of AVR tasks},
  year = 2018,
  url = {https://github.com/bsk1410/Efficient-Knapsack-for-AVR-tasks-RTSS2018},
  urldate = {2018-09-27}
}

%SCD Refs
@INPROCEEDINGS{gateChargeChara, 
    author={T. Horiguchi and S. i. Kinouchi and Y. Nakayama and T. Oi and H. Urushibata and S. Okamoto and S. Tominaga and H. Akagi}, 
    booktitle={2014 International Power Electronics Conference (IPEC-Hiroshima 2014 - ECCE ASIA)}, 
    title={A short circuit protection method based on a gate charge characteristic}, 
    year={2014}, 
    pages={2290-2296}, 
    keywords={insulated gate bipolar transistors;short-circuit currents;HSF;IGBT protection;circuit configuration;collector-emitter voltage;fault under load;gate charge characteristic;gate-emitter voltage;hard-switching fault;high-speed circuit;normal turn-on conditions;reverse transfer capacitance;short circuit protection method;short-circuit fault conditions;switching behavior;Insulated gate bipolar transistors;Logic gates;Switches;Fault under load;Hard-switching fault;Insulated gate bipolar transistor;Protection}, 
    doi={10.1109/IPEC.2014.6869909}, 
    ISSN={2150-6078}, 
    month={May},}

@article{scd,
    title={A New Method of Early Short Circuit Detection},
    volume={02}, url={http://file.scirp.org/pdf/jpee_2014042117241171.pdf},
    DOI={10.4236/jpee.2014.24058},
    number={04},
    journal={Journal of Power and Energy Engineering JPEE},
    author={Du, Feng and Chen, Weigang and Zhuo, Yue and Anheuser, Michael},
    year={2014},
    pages={432–427}}

@book{uniphy,place={Boston, MA}, title={Sears and Zemansky's University physics}, publisher={Pearson Learning Solutions}, author={Young, Hugh D. and Freedman, Roger A. and Ford, A. Lewis and Young, Hugh D.}, year={2012}}
@INPROCEEDINGS{rogowskiCoil, 
author={Yan Wang and Xiaoshe Zhai and Zhengxiang Song and Yingsan Geng}, 
booktitle={Electric Power Equipment - Switching Technology (ICEPE-ST), 2011 1st International Conference on}, 
title={A new method to detect the short circuit current in DC supply system based on the flexible Rogowski coil}, 
year={2011}, 
pages={237-240}, 
keywords={equivalent circuits;fault current limiters;finite element analysis;frequency response;power distribution faults;relay protection;short-circuit currents;DC supply system;current limiter;differential signal;equivalent circuit;fault detection;finite element method;flexible Rogowski coil;frequency response;integral signal;relay protection function;ship DC distribution system;short circuit current detection;short current protection;Capacitance;Coils;Current measurement;Frequency measurement;Integrated circuit modeling;Short circuit currents;Voltage measurement}, 
doi={10.1109/ICEPE-ST.2011.6122978}, 
month={Oct},}
@MISC{rts,
    author = {Sanjoy Baruah and Joël Goossens},
    title = {Scheduling Real-time Tasks: Algorithms and Complexity},
    year = {2003}
}
@book{hrts, place={Boston}, title={Hard real-time computing systems: predictable scheduling algorithms and applications}, publisher={Kluwer Academic Publishers}, author={Buttazzo, Giorgio C.}, year={1997}}
@ARTICLE{litRev, 
author={B. Lu and S. K. Sharma}, 
journal={IEEE Transactions on Industry Applications}, 
title={A Literature Review of IGBT Fault Diagnostic and Protection Methods for Power Inverters}, 
year={2009}, 
volume={45}, 
number={5}, 
pages={1770-1777}, 
keywords={fault diagnosis;insulated gate bipolar transistors;invertors;IGBT fault diagnostic method;gate-misfiring faults;insulated gate bipolar transistors;open-circuit faults;protection methods;short-circuit faults;three-phase power inverters;Fault diagnosis;gate-misfiring fault;insulated gate bipolar transistor (IGBT);open-circuit fault;power inverter;short-circuit fault}, 
doi={10.1109/TIA.2009.2027535}, 
ISSN={0093-9994}, 
month={Sept},}
@ARTICLE{hiSpeedProtection, 
author={T. Horiguchi and S. i. Kinouchi and Y. Nakayama and T. Oi and H. Urushibata and S. Okamoto and S. Tominaga and H. Akagi}, 
journal={IEEE Transactions on Industry Applications}, 
title={A High-Speed Protection Circuit for IGBTs Subjected to Hard-Switching Faults}, 
year={2015}, 
volume={51}, 
number={2}, 
pages={1774-1781}, 
keywords={insulated gate bipolar transistors;HSF conditions;IGBT;blanking time;collector-emitter voltage;gate charge;gate-emitter voltage;high-speed protection circuit;insulated-gate bipolar transistors;normal turn-on conditions;reverse transfer capacitance;switching faults;Capacitance;Circuit faults;Insulated gate bipolar transistors;Integrated circuit modeling;Logic gates;Switches;Hard-switching faults (HSFs);insulated-gate bipolar transistor (IGBT) model;protection}, 
doi={10.1109/TIA.2014.2354402}, 
ISSN={0093-9994}, 
month={March},}
@INPROCEEDINGS{ultraFastSCD, 
author={S. Hain and M. M. Bakran}, 
booktitle={PCIM Europe 2016; International Exhibition and Conference for Power Electronics, Intelligent Motion, Renewable Energy and Energy Management}, 
title={New Ultra Fast Short Circuit Detection Method Without Using the Desaturation Process of the Power Semiconductor}, 
year={2016}, 
pages={1-8}, 
month={May},}
@INPROCEEDINGS{fastAndEasilyImplementable, 
author={T. Krone and C. Xu and A. Mertens}, 
booktitle={2015 IEEE Energy Conversion Congress and Exposition (ECCE)}, 
title={Fast and easily implementable detection circuits for short-circuits of power semiconductors}, 
year={2015}, 
pages={2715-2722}, 
keywords={invertors;power semiconductor devices;short-circuit currents;accelerated desaturation detection;power semiconductor short circuits;short-circuit detection;Acceleration;Capacitors;Circuit faults;Delays;Insulated gate bipolar transistors;Logic gates;Resistors;Fault analysis;IGBT;desaturation detection;short-circuit}, 
doi={10.1109/ECCE.2015.7310041}, 
ISSN={2329-3721}, 
month={Sept},}
@article{photoVoltaic,
title = "Model-based fault detection of hybrid fuel cell and photovoltaic direct current power sources ",
journal = "Journal of Power Sources ",
volume = "196",
number = "11",
pages = "5197 - 5204",
year = "2011",
note = "",
issn = "0378-7753",
doi = "http://dx.doi.org/10.1016/j.jpowsour.2011.01.089",
url = "http://www.sciencedirect.com/science/article/pii/S0378775311002175",
author = "Liyan Zhang and Alex Q. Huang",
keywords = "Photovoltaic cells",
keywords = "Fuel cells",
keywords = "Lithium-ion battery",
keywords = "Hybrid power sources",
keywords = "Fault detection "
}
@INPROCEEDINGS{engineCtrl, 
author={A. Biondi and G. Buttazzo}, 
booktitle={2015 Design, Automation Test in Europe Conference Exhibition (DATE)}, 
title={Engine control: Task modeling and analysis}, 
year={2015}, 
pages={525-530}, 
keywords={automotive components;control system analysis;internal combustion engines;scheduling;EDF scheduling;automotive industry;classical periodic-sporadic tasks;earliest deadline first;engine control;real-time analysis;Acceleration;Adaptation models;Analytical models;Computational modeling;Engines;Hysteresis;Switches}, 
doi={10.7873/DATE.2015.0147}, 
ISSN={1530-1591}, 
month={March},}
@INPROCEEDINGS{modeChangeSystems, 
author={W. H. Huang and J. J. Chen}, 
booktitle={2015 IEEE 21st International Conference on Embedded and Real-Time Computing Systems and Applications}, 
title={Techniques for Schedulability Analysis in Mode Change Systems under Fixed-Priority Scheduling}, 
year={2015}, 
pages={176-186}, 
keywords={computational complexity;processor scheduling;real-time systems;commercial real-time system;cyber-physical system;fixed-priority scheduling;mode change system;mode-level fixed-priority scheduling;multimode system;polynomial time;rate-monotonic policy;schedulability analysis;Analytical models;Interference;Linear programming;Real-time systems;Scheduling algorithms;Time factors;Upper bound}, 
doi={10.1109/RTCSA.2015.36}, 
ISSN={2325-1271}, 
month={Aug},}
@article{NiFe,
title = "Fabrication of solenoid-type inductor with electroplated NiFe magnetic core ",
journal = "Journal of Magnetism and Magnetic Materials ",
volume = "305",
number = "1",
pages = "207 - 211",
year = "2006",
note = "",
issn = "0304-8853",
doi = "http://dx.doi.org/10.1016/j.jmmm.2005.12.014",
url = "http://www.sciencedirect.com/science/article/pii/S0304885306000047",
author = "Xiao-Yu Gao and Ying Cao and Yong Zhou and Wen Ding and Chong Lei and Ji-An Chen",
keywords = "Solenoid-type inductor",
keywords = "MEMS",
keywords = "Inductance",
keywords = "Quality factor "
}
@misc{explodingPhone,
  title = {Here's why Samsung Note 7 phones are catching fire},
  author={Hollister, Sean},
  howpublished = {\url{https://www.cnet.com/news/why-is-samsung-galaxy-note-7-exploding-overheating/}},
  note = {CNET},
  year={2016},
  month={Oct}
}
@phdthesis{sporadicTaskModel,
 author = {Mok, A. K.},
 title = {Fundamental Design Problems Of Distributed Systems For The Hard-Real-Time Environment},
 year = {1983},
 school = {Massachusetts Institute of Technology},
 address = {Cambridge, MA, USA},
}
@article{thermalAware,
 author = {Hettiarachchi, Pradeep M. and Fisher, Nathan and Ahmed, Masud and Wang, Le Yi and Wang, Shinan and Shi, Weisong},
 title = {A Design and Analysis Framework for Thermal-Resilient Hard Real-Time Systems},
 journal = {ACM Trans. Embed. Comput. Syst.},
 issue_date = {November 2014},
 volume = {13},
 number = {5s},
 month = jul,
 year = {2014},
 issn = {1539-9087},
 pages = {146:1--146:25},
 articleno = {146},
 numpages = {25},
 url = {http://doi.acm.org/10.1145/2632154},
 doi = {10.1145/2632154},
 acmid = {2632154},
 publisher = {ACM},
 address = {New York, NY, USA},
 keywords = {EDF, Real-time systems, controltheoretic systems, multimode system, multimode systems, reactive systems, schedulability, thermal resiliency, thermal-aware periodic resource, thermal-aware systems, thermalaware system},
}
@article{LiuLayland,
 author = {Liu, C. L. and Layland, James W.},
 title = {Scheduling Algorithms for Multiprogramming in a Hard-Real-Time Environment},
 journal = {J. ACM},
 issue_date = {Jan. 1973},
 volume = {20},
 number = {1},
 month = jan,
 year = {1973},
 issn = {0004-5411},
 pages = {46--61},
 numpages = {16},
 url = {http://doi.acm.org/10.1145/321738.321743},
 doi = {10.1145/321738.321743},
 acmid = {321743},
 publisher = {ACM},
 address = {New York, NY, USA},
} 
@INPROCEEDINGS{rateAdaptive, 
author={G. C. Buttazzo and E. Bini and D. Buttle}, 
booktitle={2014 Design, Automation Test in Europe Conference Exhibition (DATE)}, 
title={Rate-adaptive tasks: Model, analysis, and design issues}, 
year={2014}, 
pages={1-6}, 
keywords={angular velocity;automotive components;engines;scheduling;shafts;angular velocity;automotive systems;constant acceleration;constant speed;crankshaft rotation angles;deadline scheduling;dynamic conditions;engine control tasks;rate-adaptive tasks;real-time activity;steady-state conditions;switching speeds;Acceleration;Angular velocity;Computational modeling;Engines;Equations;Steady-state;Switches}, 
doi={10.7873/DATE.2014.266}, 
ISSN={1530-1591}, 
month={March},}

@ARTICLE{IGBTvehicle, 
author={B. Ji and V. Pickert and W. Cao and B. Zahawi}, 
journal={IEEE Transactions on Power Electronics}, 
title={In Situ Diagnostics and Prognostics of Wire Bonding Faults in IGBT Modules for Electric Vehicle Drives}, 
year={2013}, 
volume={28}, 
number={12}, 
pages={5568-5577}, 
keywords={automotive electronics;circuit reliability;condition monitoring;driver circuits;electric vehicles;electronics packaging;fault diagnosis;insulated gate bipolar transistors;lead bonding;motor drives;IGBT drive circuits;IGBT module;condition monitoring method;electric vehicle drives;freewheeling diode;in situ diagnostics;in situ prognostics;insulated gate bipolar transistor;online testing capacity;packaging failure;test bench;wire bond related failure;wire bonding faults;Bonding;Insulated gate bipolar transistors;Junctions;Logic gates;Temperature measurement;Voltage measurement;Wires;Electric vehicles (EVs);heating;insulated-gate bipolar transistors (IGBT);monitoring;power electronics;reliability testing}, 
doi={10.1109/TPEL.2013.2251358}, 
ISSN={0885-8993}, 
month={Dec},}

@article{hiPowerIGBTwind,
title = "An overview of the reliability prediction related aspects of high power \{IGBTs\} in wind power applications ",
journal = "Microelectronics Reliability ",
volume = "51",
number = "9–11",
pages = "1903 - 1907",
year = "2011",
note = "Proceedings of the 22th European Symposium on the RELIABILITY OF ELECTRON DEVICES, FAILURE PHYSICS AND ANALYSIS",
issn = "0026-2714",
doi = "http://dx.doi.org/10.1016/j.microrel.2011.06.053",
url = "http://www.sciencedirect.com/science/article/pii/S0026271411002526",
author = "C. Busca and R. Teodorescu and F. Blaabjerg and S. Munk-Nielsen and L. Helle and T. Abeyasekera and P. Rodriguez"
}
@INPROCEEDINGS{scanalysis, 
author={R. Pagano and Y. Chen and K. Smedley and S. Musumeci and A. Raciti}, 
booktitle={Twentieth Annual IEEE Applied Power Electronics Conference and Exposition, 2005. APEC 2005.}, 
title={Short circuit analysis and protection of power module IGBTs}, 
year={2005}, 
volume={2}, 
pages={777-783 Vol. 2}, 
keywords={failure analysis;fault diagnosis;insulated gate bipolar transistors;low-pass filters;oscillations;power bipolar transistors;short-circuit currents;FUL;HSF;collector voltage;current ringing phenomenon;failure modes;fault protection;fault under load;gate driving condition;hard switching fault;low-pass filter;power module IGBT;short-circuit behaviour;voltage oscillation;voltage spikes;Circuit analysis;Circuit faults;Circuit testing;Insulated gate bipolar transistors;Low pass filters;Multichip modules;Power dissipation;Protection;Switching circuits;Voltage}, 
doi={10.1109/APEC.2005.1453063}, 
ISSN={1048-2334}, 
month={March},}
@unpublished{seniorThesis,
author={Willcock, Aaron},
title={Short Circuit Detection Utilization Analysis under Uniprocessor EDF Scheduling},
school={Wayne State University},
year={2016},
note={Senior Thesis}
}
@INPROCEEDINGS{tufc,
author={A. Willcock and N. Fisher},
booktitle={2017 IEEE 23rd International Conference on Embedded and Real-Time Computing Systems and Applications (RTCSA)},
title={Trading utilization for circuitry: Hardware-software co-design for real-time software-based short-circuit protection},
year={2017},
volume={},
number={},
pages={1-8},
keywords={electrical engineering computing;fault diagnosis;hardware-software codesign;short-circuit currents;hardware-software codesign;real-time software-based short-circuit protection;board space;processor utilization;single inductor;microprocessor;hard-switching faults;HSF;fault under load shorts;FUL shorts;software-based detection;Inductors;Integrated circuit modeling;Circuit faults;Real-time systems;Mathematical model;Resistors;Atmospheric modeling;short-circuit protection;fault under load;hard-switching fault;EDF;hardware-software co-design;software-based short detection},
doi={10.1109/RTCSA.2017.8046332},
ISSN={2325-1301},
month={Aug},}

%END SCD Refs